% !Mode:: "TeX:UTF-8"

@INPROCEEDINGS{cnproceed,
	author    = {王重阳 and 黄药师 and 欧阳峰 and 洪七公 and 段皇帝},
	title     = {武林高手从入门到精通},
	booktitle = {第~$N$~次华山论剑},
	year      = 2006,
	address   = {西安, 中国},
	month     = sep,
	language   ="zh",
}

@ARTICLE{cnarticle,
	AUTHOR  = "贾宝玉 and 林黛玉 and 薛宝钗 and 贾探春",
	TITLE   = "论刘姥姥食量大如牛之现实意义",
	JOURNAL = "红楼梦杂谈",
	PAGES   = "260--266",
	VOLUME  = "224",
	YEAR    = "1800",
	language   ="zh",
}


@inbook{Lin1992,
	language   ="zh",
	AUTHOR     = "林来兴",
	TITLE      = "空间控制技术",
	PUBLISHER  = "宇航出版社",
	YEAR       = "1992",
	Pages      = "25-42",
	ADDRESS    = "北京",
}

@book{xin1994,
	language   ="zh",
	title={信息技术与信息服务国际研讨会论文集},
	author={辛希孟 and 中国科学院文献信息中心 and 孟广均 and 信息学},
	year={1994},
	publisher={中国社会科学出版社},
	pages={45-49},
	address={北京},
	typeoflit={C},
}

@book{zhao1998,
	language   ="zh",
	title={新时代的工业工程师},
	author={赵耀东},
	year={1998},
	citedate =     {1998-09-26},
	address={台北},
	publisher={天下文化出版社},
	url={http://www.ie.nthu.edu.tw/info/ie.newie.htm(Big5)},
	typeoflit={M/OL},
}

@phdthesis{Chen1992,
	language   ="zh",
	Author = {谌颖},
	Title = {空间最优交会控制理论与方法研究},
	ADDRESS    = "哈尔滨",
	School = {哈尔滨工业大学},
	Year = {1992},
	pages= {8-13},
}

@article{hithesis2017,
	title={Hi!Thesis!,Harbin Institue of Technology},
	author={Yanshuo Chu},
	journal={Github},
	volume={001},
	number={0001},
	pages={000-999},
	year={2017},
}

% my reference

@article{marcus-etal-1993-building,
    title = "Building a Large Annotated Corpus of {E}nglish: The {P}enn {T}reebank",
    author = "Marcus, Mitchell P.  and
      Santorini, Beatrice  and
      Marcinkiewicz, Mary Ann",
    journal = "Computational Linguistics",
    volume = "19",
    number = "2",
    year = "1993",
    pages = "313--330",
}

@article{xue-etal-2005-penn,
  title		= {The Penn Chinese TreeBank: Phrase structure annotation of a large corpus},
  author	= {Xue, Naiwen and Xia, Fei and Chiou, Fu-Dong and Palmer, Marta},
  journal	= {Natural language engineering},
  volume	= {11},
  number	= {02},
  pages		= {207--238},
  year		= {2005},
}

@inproceedings{dozat-etal-2017-deep,
  author    = {Timothy Dozat and
               Christopher D. Manning},
  title     = {Deep Biaffine Attention for Neural Dependency Parsing},
  booktitle = {5th International Conference on Learning Representations, {ICLR} 2017,
               Toulon, France, April 24-26, 2017, Conference Track Proceedings},
  publisher = {OpenReview.net},
  year      = {2017}
}

@inproceedings{oepen-etal-2014-semeval,
    title = "{S}em{E}val 2014 Task 8: Broad-Coverage Semantic Dependency Parsing",
    author = "Oepen, Stephan  and
      Kuhlmann, Marco  and
      Miyao, Yusuke  and
      Zeman, Daniel  and
      Flickinger, Dan  and
      Haji{\v{c}}, Jan  and
      Ivanova, Angelina  and
      Zhang, Yi",
    booktitle = "Proceedings of the 8th International Workshop on Semantic Evaluation ({S}em{E}val 2014)",
    month = aug,
    year = "2014",
    address = "Dublin, Ireland",
    publisher = "Association for Computational Linguistics",
    pages = "63--72",
}

@inproceedings{oepen-etal-2015-semeval,
    title = "{S}em{E}val 2015 Task 18: Broad-Coverage Semantic Dependency Parsing",
    author = "Oepen, Stephan  and
      Kuhlmann, Marco  and
      Miyao, Yusuke  and
      Zeman, Daniel  and
      Cinkov{\'a}, Silvie  and
      Flickinger, Dan  and
      Haji{\v{c}}, Jan  and
      Ure{\v{s}}ov{\'a}, Zde{\v{n}}ka",
    booktitle = "Proceedings of the 9th International Workshop on Semantic Evaluation ({S}em{E}val 2015)",
    month = jun,
    year = "2015",
    address = "Denver, Colorado",
    publisher = "Association for Computational Linguistics",
    pages = "915--926",
}

@inproceedings{che-etal-2016-semeval,
    title = "{S}em{E}val-2016 Task 9: {C}hinese Semantic Dependency Parsing",
    author = "Che, Wanxiang  and
      Shao, Yanqiu  and
      Liu, Ting  and
      Ding, Yu",
    booktitle = "Proceedings of the 10th International Workshop on Semantic Evaluation ({S}em{E}val-2016)",
    month = jun,
    year = "2016",
    address = "San Diego, California",
    publisher = "Association for Computational Linguistics",
    pages = "1074--1080",
}

@inproceedings{zhang-etal-2019-generating,
    title = "Generating Fluent Adversarial Examples for Natural Languages",
    author = "Zhang, Huangzhao  and
      Zhou, Hao  and
      Miao, Ning  and
      Li, Lei",
    booktitle = "Proceedings of the 57th Annual Meeting of the Association for Computational Linguistics",
    month = jul,
    year = "2019",
    address = "Florence, Italy",
    publisher = "Association for Computational Linguistics",
    pages = "5564--5569",
}

@inproceedings{jin-etal-2020-isbert,
  author    = {Di Jin and
               Zhijing Jin and
               Joey Tianyi Zhou and
               Peter Szolovits},
  title     = {Is {BERT} Really Robust? {A} Strong Baseline for Natural Language
               Attack on Text Classification and Entailment},
  booktitle = {The Thirty-Fourth {AAAI} Conference on Artificial Intelligence, {AAAI}
               2020, The Thirty-Second Innovative Applications of Artificial Intelligence
               Conference, {IAAI} 2020, The Tenth {AAAI} Symposium on Educational
               Advances in Artificial Intelligence, {EAAI} 2020, New York, NY, USA,
               February 7-12, 2020},
  pages     = {8018--8025},
  publisher = {{AAAI} Press},
  year      = {2020},
}

@inproceedings{devlin-etal-2018-bert,
    title = "{BERT}: Pre-training of Deep Bidirectional Transformers for Language Understanding",
    author = "Devlin, Jacob  and
      Chang, Ming-Wei  and
      Lee, Kenton  and
      Toutanova, Kristina",
    booktitle = "Proceedings of the 2019 Conference of the North {A}merican Chapter of the Association for Computational Linguistics: Human Language Technologies, Volume 1 (Long and Short Papers)",
    month = jun,
    year = "2019",
    address = "Minneapolis, Minnesota",
    publisher = "Association for Computational Linguistics",
    pages = "4171--4186",
}

@inproceedings{zheng-etal-2020-evaluating,
    title = "Evaluating and Enhancing the Robustness of Neural Network-based Dependency Parsing Models with Adversarial Examples",
    author = "Zheng, Xiaoqing  and
      Zeng, Jiehang  and
      Zhou, Yi  and
      Hsieh, Cho-Jui  and
      Cheng, Minhao  and
      Huang, Xuanjing",
    booktitle = "Proceedings of the 58th Annual Meeting of the Association for Computational Linguistics",
    month = jul,
    year = "2020",
    address = "Online",
    publisher = "Association for Computational Linguistics",
    pages = "6600--6610",
}

